@book{silvacloud2020,
  title={Cloud Computing},
  year = {2020},
  author={Silva, Fernanda Rosa and Soares, Juliane Adélia and Serpa, Matheus da Silva and Neto, Roque Maitino and Junior, José Francisco Meireles Aleixo and Oliveira, Hygo Sousa and Pichetti, Roni Francisco },
  isbn={9786556900193},
  url={https://integrada.minhabiblioteca.com.br/reader/books/9786556900193/pageid/1}
}

@book{malheiros2019cc,
  title={Computação em Nuvem},
  year = {2019},
  author={Malheiros, Neumar Costa},
  isbn={9788552215905}
}


@book{erl2013cloud,
  title={Cloud computing: concepts, technology, \& architecture},
  author={Erl, Thomas and Puttini, Ricardo and Mahmood, Zaigham},
  year={2013},
  publisher={Pearson Education}
}

@misc{redhat2019,
author = {REDHAT},
title = {Introdução ao OpenStack.},
url = {https://www.redhat.com/pt-br/topics/ openstack}, 
year = {2019}
}

@article{ahmad2015survey,
  title={A survey on virtual machine migration and server consolidation frameworks for cloud data centers},
  author={Ahmad, Raja Wasim and Gani, Abdullah and Hamid, Siti Hafizah Ab and Shiraz, Muhammad and Yousafzai, Abdullah and Xia, Feng},
  journal={Journal of network and computer applications},
  volume={52},
  pages={11--25},
  year={2015},
  publisher={Elsevier}
}

@inproceedings{bachiega2017avaliaccao,
  title={Avalia{\c{c}}{\~a}o de Desempenho de Virtualiza{\c{c}}{\~a}o Baseada em Cont{\^e}iner},
  author={Bachiega, Naylor G and Souza, Paulo SL and Bruschi, Sarita},
  booktitle={Anais da VIII Escola Regional de Alto Desempenho de S{\~a}o Paulo},
  pages={49--52},
  year={2017},
  organization={SBC}
}

@article{silva2013abordagem,
  title={Uma abordagem dirigida por modelos para portabilidade entre plataformas de computa{\c{c}}{\~a}o em nuvem},
  author={Silva, Elias Adriano Nogueira da},
  year={2013},
  publisher={Universidade Federal de S{\~a}o Carlos}
}

@misc{ich2021,
	author 	= {PRO, ICH},
	title 	= {A arquitetura Node.js!},
	year 		= {2021},
	url 		= {https://ichi.pro/pt/a-arquitetura-node-js-273151920946386}
}

@misc{moziladev2022,
  author = {Mozila Developers},
  title = {Introdução ao DOM},
  year = {2022},
  note = {Last accessed 14 March 2022},
  url = {https://developer.mozilla.org/pt-BR/docs/Web/API/Document_Object_Model/Introduction}
}
@misc{moziladev2022js,
  author = {Mozila Developers},
  title = {Primeiros Passos com JavaScript},
  year = {2022},
  note = {Last accessed 18 March 2022},
  url = {https://developer.mozilla.org/pt-BR/docs/Learn/JavaScript/First_steps}
}


@misc{nodejs2022api,
author={Dawson, Michael},
title={Node.js v17.7.2 documentation},
year={2022},
note = {Last accessed 18 March 2022},
url={https://nodejs.org/api/}
}

@book{tanembaum2007sd,
    title = {Sistemas Distribuídos: Princípios e Paradigmas},
    author = {Tanenbaum, Andrew S.  and Steen, Maarten Van},
    isbn = {9788576051428},
    year = {2007},
    publisher = {Pearson Universidades},
    keywords = {computational}
}
@article{de2013cloud,
  title={Cloud Computing. Concepts, Technology \& Architecture Thomas Erl with Zaigham Mahmood and Ricardo Puttini Prentice Hall--September 2013},
  author={De Giusti, Armando},
  journal={Journal of Computer Science and Technology},
  volume={13},
  number={03},
  pages={175},
  year={2013},
  publisher={Universidad Nacional de La Plata}
}

@article{bernstein2014containers,
  title={Containers and cloud: From lxc to docker to kubernetes},
  author={Bernstein, David},
  journal={IEEE Cloud Computing},
  volume={1},
  number={3},
  pages={81--84},
  year={2014},
  publisher={IEEE}
}